@article{jci,
  title={Joint causal inference on observational and experimental datasets},
  author={Magliacane, Sara and Claassen, Tom and Mooij, Joris M},
  journal={arXiv preprint arXiv:1611.10351},
  year={2016}
}

@inproceedings{eaton2007exact,
  title={Exact Bayesian structure learning from uncertain interventions.},
  author={Eaton, Daniel and Murphy, Kevin P},
  booktitle={AISTATS},
  pages={107--114},
  year={2007}
}

@unpublished{causalTransfer,
  title={Causal Transfer Learning},
  author={Sara Magliacane, Thijs van Ommen, Tom Claassen, Stephan Bongers, Philip Versteeg, Joris M. Mooij},
  booktitle={Under submission},
  year={2017}
}

@book{Reichenbach1956,
	Author = {Reichenbach, Hans},
	Publisher = {University of California Press, Berkeley},
	Title = {The direction of time},
	Year = {1956}}

@misc{ wiki:confounding,
author = "Wikipedia",
title = "Confounding",
year = "2017",
url = "https://en.wikipedia.org/wiki/Confounding",
note = "[Online; accessed 20-04-2017]"
}

@article{triantafillouscore,
  title={Score based vs constraint based causal learning in the presence of confounders},
  author={Triantafillou, Sofia and Campus, Voutes and Tsamardinos, Ioannis}
}

@inproceedings{cooper1999causal,
  title={Causal discovery from a mixture of experimental and observational data},
  author={Cooper, Gregory F and Yoo, Changwon},
  booktitle={Proceedings of the Fifteenth conference on Uncertainty in artificial intelligence},
  pages={116--125},
  year={1999},
  organization={Morgan Kaufmann Publishers Inc.}
}

@inproceedings{aci,
  title={Ancestral causal inference},
  author={Magliacane, Sara and Claassen, Tom and Mooij, Joris M},
  booktitle={Advances In Neural Information Processing Systems},
  pages={4466--4474},
  year={2016}
}
@article{sachs2005causal,
  title={Causal protein-signaling networks derived from multiparameter single-cell data},
  author={Sachs, Karen and Perez, Omar and Pe'er, Dana and Lauffenburger, Douglas A and Nolan, Garry P},
  journal={Science},
  volume={308},
  number={5721},
  pages={523--529},
  year={2005},
  publisher={American Association for the Advancement of Science}
}
@book{fci,
  title={Computation, causation, and discovery},
  author={Glymour, Clark N and Cooper, Gregory Floyd},
  year={1999},
  publisher={Aaai Press}
}

@inproceedings{gfci,
  title={A hybrid causal search algorithm for latent variable models},
  author={Ogarrio, Juan Miguel and Spirtes, Peter and Ramsey, Joe},
  booktitle={Journal of Machine Learning Research: Workshop and Conference Proceedings (PGM 16)},
  volume={52},
  pages={368--379},
  year={2016}
}

@article{ges,
  title={Optimal structure identification with greedy search},
  author={Chickering, David Maxwell},
  journal={Journal of machine learning research},
  volume={3},
  number={Nov},
  pages={507--554},
  year={2002}
}

@book{Pearl2009inference,
	Author = {Judea Pearl},
	Publisher = {Cambridge University Press},
	Title = {Causality: models, reasoning and inference},
	Year = {2009}
}
	
@book{Spirtes2000,
	Author = {Spirtes, Peter and Glymour, Clark and Scheines, Richard},
	Edition = {2nd},
	Publisher = {MIT press},
	Title = {Causation, Prediction, and Search},
	Year = 2000
}

@book{pearlprimer,
    Author = {Judea Pearl, Madelyn Glymour, Nicholas P. Jewell},
    Publisher = {John Wiley \& Sons Ltd},
    Edition = {1st},
    Title = {Causal Inference in Statistics: A Primer},
    Year = {2016}
    
}

@article{nobelchocolate,
    author = { Messerli ,  Franz H. },
    title = {Chocolate Consumption, Cognitive Function, and Nobel Laureates},
    journal = {New England Journal of Medicine},
    volume = {367},
    number = {16},
    pages = {1562-1564},
    year = {2012},
    doi = {10.1056/NEJMon1211064},
    note ={PMID: 23050509},
    URL = { http://dx.doi.org/10.1056/NEJMon1211064},
    eprint = { http://dx.doi.org/10.1056/NEJMon1211064}
}

@article{ICP_PNAS,
  title={Methods for causal inference from gene perturbation experiments and validation},
  author={Meinshausen, Nicolai and Hauser, Alain and Mooij, Joris M and Peters, Jonas and Versteeg, Philip and B{\"u}hlmann, Peter},
  journal={Proceedings of the National Academy of Sciences},
  volume={113},
  number={27},
  pages={7361--7368},
  year={2016},
  publisher={National Acad Sciences}
}

@article{MooijHeskes_UAI_13,
  title={Cyclic causal discovery from continuous equilibrium data},
  author={Mooij, Joris and Heskes, Tom},
  journal={arXiv preprint arXiv:1309.6849},
  year={2013}
}

@misc{r-wrapper,
    title={R-Causal Library},
    year={2017},
    description={This package is a R wrapper containing the Tetrad Library},
    author={Chirayu Wongchokprasitti},
    institution={Center for Causal Discovery},
    address={\url{https://github.com/bd2kccd/r-causal}}
}

@techreport{tetrad,
    title={Tetrad system},
    author={Clark Glymour, Richard Scheines, Peter Spirtes and Joseph Ramsey},
    institution={Center for Causal Discovery supported by grant U54HG008540},
    year={2016},
    address={https://bd2kccd.github.io/docs/}
}

 @misc{ wiki:CI,
   author = "Wikipedia",
   title = "Conditional Independence --- {W}ikipedia{,} The Free Encyclopedia",
   year = "2017",
   url = "https://en.wikipedia.org/wiki/Conditional_independence",
   note = "[Online; accessed 30-June-2017]"
 }